@online{ansible,
    author = "Redhat",
    title = "ansible documentation",
    url  = "https://docs.ansible.com",
    keywords = "ansible"
}
@online{LXC,
    author = "linux foundation",
    title = "LXC project",
    url  = "https://linuxcontainers.org/",
    keywords = "containers"
}
@online{docker,
    author = "Docker Inc",
    title = "docker project",
    url  = "https://www.docker.com",
    keywords = "containers"
}
