%%@inproceedings{bordes2013transe,
%%  author    = {Antoine Bordes and
%%               Nicolas Usunier and
%%               Alberto Garc{\'{\i}}a{-}Dur{\'{a}}n and
%%               Jason Weston and
%%               Oksana Yakhnenko},
%%  title     = {Translating Embeddings for Modeling Multi-relational Data},
%%  booktitle = {{NIPS}},
%%  pages     = {2787--2795},
%%  year      = {2013}
%%}
%%
%%@inproceedings{wang2014transh,
%%  author    = {Zhen Wang and
%%               Jianwen Zhang and
%%               Jianlin Feng and
%%               Zheng Chen},
%%  title     = {Knowledge Graph Embedding by Translating on Hyperplanes},
%%  booktitle = {{AAAI}},
%%  pages     = {1112--1119},
%%  publisher = {{AAAI} Press},
%%  year      = {2014}
%%}
%%
%%@inproceedings{yankai2015transr,
%%  author    = {Yankai Lin and
%%               Zhiyuan Liu and
%%               Maosong Sun and
%%               Yang Liu and
%%               Xuan Zhu},
%%  title     = {Learning Entity and Relation Embeddings for Knowledge Graph Completion},
%%  booktitle = {{AAAI}},
%%  pages     = {2181--2187},
%%  publisher = {{AAAI} Press},
%%  year      = {2015}
%%}
%%
%%@inproceedings{guoliang2015transd,
%%  author    = {Guoliang Ji and
%%               Shizhu He and
%%               Liheng Xu and
%%               Kang Liu and
%%               Jun Zhao},
%%  title     = {Knowledge Graph Embedding via Dynamic Mapping Matrix},
%%  booktitle = {{ACL} {(1)}},
%%  pages     = {687--696},
%%  publisher = {The Association for Computer Linguistics},
%%  year      = {2015}
%%}
%%
%%@inproceedings{guoliang2015transparse,
%%  author    = {Guoliang Ji and
%%               Kang Liu and
%%               Shizhu He and
%%               Jun Zhao},
%%  title     = {Knowledge Graph Completion with Adaptive Sparse Transfer Matrix},
%%  booktitle = {{AAAI}},
%%  pages     = {985--991},
%%  publisher = {{AAAI} Press},
%%  year      = {2016}
%%}
%%
%%@inproceedings{shizhu2015kg2e,
%%  author    = {Shizhu He and
%%               Kang Liu and
%%               Guoliang Ji and
%%               Jun Zhao},
%%  title     = {Learning to Represent Knowledge Graphs with Gaussian Embedding},
%%  booktitle = {{CIKM}},
%%  pages     = {623--632},
%%  publisher = {{ACM}},
%%  year      = {2015}
%%}
%%
%%@inproceedings{han2016transg,
%%  author    = {Han Xiao and
%%               Minlie Huang and
%%               Xiaoyan Zhu},
%%  title     = {TransG : {A} Generative Model for Knowledge Graph Embedding},
%%  booktitle = {{ACL} {(1)}},
%%  publisher = {The Association for Computer Linguistics},
%%  year      = {2016}
%%}
%%
%%@inproceedings{sun2019rotate,
%%  author    = {Zhiqing Sun and
%%               Zhi{-}Hong Deng and
%%               Jian{-}Yun Nie and
%%               Jian Tang},
%%  title     = {RotatE: Knowledge Graph Embedding by Relational Rotation in Complex
%%               Space},
%%  booktitle = {{ICLR} (Poster)},
%%  publisher = {OpenReview.net},
%%  year      = {2019}
%%}
%%
%%@inproceedings{zhang2019quate,
%%  author    = {Shuai Zhang and
%%               Yi Tay and
%%               Lina Yao and
%%               Qi Liu},
%%  title     = {Quaternion Knowledge Graph Embeddings},
%%  booktitle = {NeurIPS},
%%  pages     = {2731--2741},
%%  year      = {2019}
%%}
%%
%%@inproceedings{zhang2020hake,
%%  author    = {Zhanqiu Zhang and
%%               Jianyu Cai and
%%               Yongdong Zhang and
%%               Jie Wang},
%%  title     = {Learning Hierarchy-Aware Knowledge Graph Embeddings for Link Prediction},
%%  booktitle = {{AAAI}},
%%  pages     = {3065--3072},
%%  publisher = {{AAAI} Press},
%%  year      = {2020}
%%}
%%
%%@inproceedings{cao2021duale,
%%  author    = {Zongsheng Cao and
%%               Qianqian Xu and
%%               Zhiyong Yang and
%%               Xiaochun Cao and
%%               Qingming Huang},
%%  title     = {Dual Quaternion Knowledge Graph Embeddings},
%%  booktitle = {{AAAI}},
%%  pages     = {6894--6902},
%%  publisher = {{AAAI} Press},
%%  year      = {2021}
%%}
%%
%%@inproceedings{cao2022gie,
%%  author    = {Zongsheng Cao and
%%               Qianqian Xu and
%%               Zhiyong Yang and
%%               Xiaochun Cao and
%%               Qingming Huang},
%%  title     = {Geometry Interaction Knowledge Graph Embeddings},
%%  booktitle = {{AAAI}},
%%  pages     = {5521--5529},
%%  publisher = {{AAAI} Press},
%%  year      = {2022}
%%}
%%
%%@inproceedings{nickel2011rescal,
%%  author    = {Maximilian Nickel and
%%               Volker Tresp and
%%               Hans{-}Peter Kriegel},
%%  title     = {A Three-Way Model for Collective Learning on Multi-Relational Data},
%%  booktitle = {{ICML}},
%%  pages     = {809--816},
%%  publisher = {Omnipress},
%%  year      = {2011}
%%}
%%
%%@inproceedings{yang2014distmult,
%%  author    = {Bishan Yang and
%%               Wen{-}tau Yih and
%%               Xiaodong He and
%%               Jianfeng Gao and
%%               Li Deng},
%%  title     = {Embedding Entities and Relations for Learning and Inference in Knowledge
%%               Bases},
%%  booktitle = {{ICLR} (Poster)},
%%  year      = {2015}
%%}
%%
%%@inproceedings{nickel2016hole,
%%  author    = {Maximilian Nickel and
%%               Lorenzo Rosasco and
%%               Tomaso A. Poggio},
%%  title     = {Holographic Embeddings of Knowledge Graphs},
%%  booktitle = {{AAAI}},
%%  pages     = {1955--1961},
%%  publisher = {{AAAI} Press},
%%  year      = {2016}
%%}
%%
%%@inproceedings{trouillon2016complex,
%%  author    = {Th{\'{e}}o Trouillon and
%%               Johannes Welbl and
%%               Sebastian Riedel and
%%               {\'{E}}ric Gaussier and
%%               Guillaume Bouchard},
%%  title     = {Complex Embeddings for Simple Link Prediction},
%%  booktitle = {{ICML}},
%%  series    = {{JMLR} Workshop and Conference Proceedings},
%%  volume    = {48},
%%  pages     = {2071--2080},
%%  publisher = {JMLR.org},
%%  year      = {2016}
%%}
%%
%%@inproceedings{socher2013ntn,
%%  author    = {Richard Socher and
%%               Danqi Chen and
%%               Christopher D. Manning and
%%               Andrew Y. Ng},
%%  title     = {Reasoning With Neural Tensor Networks for Knowledge Base Completion},
%%  booktitle = {{NIPS}},
%%  pages     = {926--934},
%%  year      = {2013}
%%}
%%
%%@inproceedings{dong2014mlp,
%%  author    = {Xin Dong and
%%               Evgeniy Gabrilovich and
%%               Geremy Heitz and
%%               Wilko Horn and
%%               Ni Lao and
%%               Kevin Murphy and
%%               Thomas Strohmann and
%%               Shaohua Sun and
%%               Wei Zhang},
%%  title     = {Knowledge vault: a web-scale approach to probabilistic knowledge fusion},
%%  booktitle = {{KDD}},
%%  pages     = {601--610},
%%  publisher = {{ACM}},
%%  year      = {2014}
%%}
%%
%%@inproceedings{glorot2013sme,
%%  author    = {Xavier Glorot and
%%               Antoine Bordes and
%%               Jason Weston and
%%               Yoshua Bengio},
%%  title     = {A Semantic Matching Energy Function for Learning with Multi-relational
%%               Data},
%%  booktitle = {{ICLR} (Workshop Poster)},
%%  year      = {2013}
%%}
%%
%%@inproceedings{dettmers2018conve,
%%  author    = {Tim Dettmers and
%%               Pasquale Minervini and
%%               Pontus Stenetorp and
%%               Sebastian Riedel},
%%  title     = {Convolutional 2D Knowledge Graph Embeddings},
%%  booktitle = {{AAAI}},
%%  pages     = {1811--1818},
%%  publisher = {{AAAI} Press},
%%  year      = {2018}
%%}
%%
%%@inproceedings{nguyen2017convkb,
%%  author    = {Dai Quoc Nguyen and
%%               Tu Dinh Nguyen and
%%               Dat Quoc Nguyen and
%%               Dinh Q. Phung},
%%  title     = {A Novel Embedding Model for Knowledge Base Completion Based on Convolutional
%%               Neural Network},
%%  booktitle = {{NAACL-HLT} {(2)}},
%%  pages     = {327--333},
%%  publisher = {Association for Computational Linguistics},
%%  year      = {2018}
%%}
%%
%%@article{zhou2022jointe,
%%  author    = {Zhehui Zhou and
%%               Can Wang and
%%               Yan Feng and
%%               Defang Chen},
%%  title     = {JointE: Jointly utilizing 1D and 2D convolution for knowledge graph
%%               embedding},
%%  journal   = {Knowl. Based Syst.},
%%  volume    = {240},
%%  pages     = {108100},
%%  year      = {2022}
%%}
%%
%%@article{schlichtkrull2017rgcn,
%%  author    = {Michael Sejr Schlichtkrull and
%%               Thomas N. Kipf and
%%               Peter Bloem and
%%               Rianne van den Berg and
%%               Ivan Titov and
%%               Max Welling},
%%  title     = {Modeling Relational Data with Graph Convolutional Networks},
%%  journal   = {CoRR},
%%  volume    = {abs/1703.06103},
%%  year      = {2017}
%%}
%%
%%@inproceedings{vashishth2020compgcn,
%%  author    = {Shikhar Vashishth and
%%               Soumya Sanyal and
%%               Vikram Nitin and
%%               Partha P. Talukdar},
%%  title     = {Composition-based Multi-Relational Graph Convolutional Networks},
%%  booktitle = {{ICLR}},
%%  publisher = {OpenReview.net},
%%  year      = {2020}
%%}
%%
%%@inproceedings{galkin2022nodepiece,
%%  author    = {Mikhail Galkin and
%%               Etienne G. Denis and
%%               Jiapeng Wu and
%%               William L. Hamilton},
%%  title     = {NodePiece: Compositional and Parameter-Efficient Representations of
%%               Large Knowledge Graphs},
%%  booktitle = {{ICLR}},
%%  publisher = {OpenReview.net},
%%  year      = {2022}
%%}
%%
%%@inproceedings{mikolov-etal-2013-word2vec,
%%  author    = {Tom{\'{a}}s Mikolov and
%%               Kai Chen and
%%               Greg Corrado and
%%               Jeffrey Dean},
%%  title     = {Efficient Estimation of Word Representations in Vector Space},
%%  booktitle = {{ICLR} (Workshop Poster)},
%%  year      = {2013}
%%}
%%
%%@article{wang2017survey,
%%  author    = {Quan Wang and
%%               Zhendong Mao and
%%               Bin Wang and
%%               Li Guo},
%%  title     = {Knowledge Graph Embedding: {A} Survey of Approaches and Applications},
%%  journal   = {{IEEE} Trans. Knowl. Data Eng.},
%%  volume    = {29},
%%  number    = {12},
%%  pages     = {2724--2743},
%%  year      = {2017}
%%}
%%
%%@inproceedings{gilmer2017neural,
%%  title={Neural message passing for quantum chemistry},
%%  author={Gilmer, Justin and Schoenholz, Samuel S and Riley, Patrick F and Vinyals, Oriol and Dahl, George E},
%%  booktitle={International conference on machine learning},
%%  pages={1263--1272},
%%  year={2017},
%%  organization={PMLR}
%%}
%%
%%@inproceedings{lodi-etal-2010-adc,
%%  author    = {Stefano Lodi and
%%               Gianluca Moro and
%%               Claudio Sartori},
%%  title     = {Distributed data clustering in multi-dimensional peer-to-peer networks},
%%  booktitle = {{ADC}},
%%  series    = {{CRPIT}},
%%  volume    = {104},
%%  pages     = {171--178},
%%  publisher = {Australian Computer Society},
%%  year      = {2010}
%%}
%%
%%@inproceedings{cerroni-etal-2013-peer-to-peer,
%%  author    = {Walter Cerroni and
%%               Gianluca Moro and
%%               Tommaso Pirini and
%%               Marco Ramilli},
%%  title     = {Peer-to-Peer Data Mining Classi ers for Decentralized Detection of
%%               Network Attacks},
%%  booktitle = {{ADC}},
%%  series    = {{CRPIT}},
%%  volume    = {137},
%%  pages     = {101--108},
%%  publisher = {Australian Computer Society},
%%  year      = {2013}
%%}
%%
%%@inproceedings{bollacker2008freebase,
%%  author    = {Kurt D. Bollacker and
%%               Robert P. Cook and
%%               Patrick Tufts},
%%  title     = {Freebase: {A} Shared Database of Structured General Human Knowledge},
%%  booktitle = {{AAAI}},
%%  pages     = {1962--1963},
%%  publisher = {{AAAI} Press},
%%  year      = {2007}
%%}
%%
%%
%%@inproceedings{suchanek2007yago,
%%  author    = {Fabian M. Suchanek and
%%               Gjergji Kasneci and
%%               Gerhard Weikum},
%%  title     = {Yago: a core of semantic knowledge},
%%  booktitle = {{WWW}},
%%  pages     = {697--706},
%%  publisher = {{ACM}},
%%  year      = {2007}
%%}
%%
%%@inproceedings{miller1995wordnet,
%%  author    = {George A. Miller},
%%  title     = {{WORDNET:} a Lexical Database for English},
%%  booktitle = {{HLT}},
%%  publisher = {Morgan Kaufmann},
%%  year      = {1992}
%%}
%%
%%@inproceedings{hu2020ogb,
%%  author    = {Weihua Hu and
%%               Matthias Fey and
%%               Marinka Zitnik and
%%               Yuxiao Dong and
%%               Hongyu Ren and
%%               Bowen Liu and
%%               Michele Catasta and
%%               Jure Leskovec},
%%  title     = {Open Graph Benchmark: Datasets for Machine Learning on Graphs},
%%  booktitle = {NeurIPS},
%%  year      = {2020}
%%}
%%
%%@inproceedings{han2018openke,
%%  author    = {Xu Han and
%%               Shulin Cao and
%%               Xin Lv and
%%               Yankai Lin and
%%               Zhiyuan Liu and
%%               Maosong Sun and
%%               Juanzi Li},
%%  title     = {OpenKE: An Open Toolkit for Knowledge Embedding},
%%  booktitle = {{EMNLP} (Demonstration)},
%%  pages     = {139--144},
%%  publisher = {Association for Computational Linguistics},
%%  year      = {2018}
%%}
%%
%%@article{yu2019pykg2vec,
%%  author    = {Shih{-}Yuan Yu and
%%               Sujit Rokka Chhetri and
%%               Arquimedes Canedo and
%%               Palash Goyal and
%%               Mohammad Abdullah Al Faruque},
%%  title     = {Pykg2vec: {A} Python Library for Knowledge Graph Embedding},
%%  journal   = {CoRR},
%%  volume    = {abs/1906.04239},
%%  year      = {2019}
%%}
%%
%%@inproceedings{zhu2019graphvite,
%%  author    = {Zhaocheng Zhu and
%%               Shizhen Xu and
%%               Jian Tang and
%%               Meng Qu},
%%  title     = {GraphVite: {A} High-Performance {CPU-GPU} Hybrid System for Node Embedding},
%%  booktitle = {{WWW}},
%%  pages     = {2494--2504},
%%  publisher = {{ACM}},
%%  year      = {2019}
%%}
%%
%%@article{lerer2019pytorch,
%%  author    = {Adam Lerer and
%%               Ledell Wu and
%%               Jiajun Shen and
%%               Timoth{\'{e}}e Lacroix and
%%               Luca Wehrstedt and
%%               Abhijit Bose and
%%               Alex Peysakhovich},
%%  title     = {Pytorch-BigGraph: {A} Large Scale Graph Embedding System},
%%  booktitle = {MLSys},
%%  publisher = {mlsys.org},
%%  year      = {2019}
%%}
%%
%%@inproceedings{zheng2020dglke,
%%  author    = {Da Zheng and
%%               Xiang Song and
%%               Chao Ma and
%%               Zeyuan Tan and
%%               Zihao Ye and
%%               Jin Dong and
%%               Hao Xiong and
%%               Zheng Zhang and
%%               George Karypis},
%%  title     = {{DGL-KE:} Training Knowledge Graph Embeddings at Scale},
%%  booktitle = {{SIGIR}},
%%  pages     = {739--748},
%%  publisher = {{ACM}},
%%  year      = {2020}
%%}
%%
%%@inproceedings{arm2020torchkge,
%%  author    = {Armand Boschin},
%%  title     = {TorchKGE: Knowledge Graph Embedding in Python and PyTorch},
%%  journal   = {CoRR},
%%  volume    = {abs/2009.02963},
%%  year      = {2020}
%%}
%%
%%@inproceedings{broscheit2020libkge,
%%  author    = {Samuel Broscheit and
%%               Daniel Ruffinelli and
%%               Adrian Kochsiek and
%%               Patrick Betz and
%%               Rainer Gemulla},
%%  title     = {LibKGE - {A} knowledge graph embedding library for reproducible research},
%%  booktitle = {{EMNLP} (Demos)},
%%  pages     = {165--174},
%%  publisher = {Association for Computational Linguistics},
%%  year      = {2020}
%%}
%%
%%@article{ali2021pykeen,
%%  author    = {Mehdi Ali and
%%               Max Berrendorf and
%%               Charles Tapley Hoyt and
%%               Laurent Vermue and
%%               Sahand Sharifzadeh and
%%               Volker Tresp and
%%               Jens Lehmann},
%%  title     = {PyKEEN 1.0: {A} Python Library for Training and Evaluating Knowledge
%%               Graph Embeddings},
%%  journal   = {J. Mach. Learn. Res.},
%%  volume    = {22},
%%  pages     = {82:1--82:6},
%%  year      = {2021}
%%}
%%
%%@inproceedings{luo2022mukg,
%%  author    = {Xindi Luo and
%%               Zequn Sun and
%%               Wei Hu},
%%  title     = {{\(\mu\)} {KG:} {A} Library for Multi-source Knowledge Graph Embeddings
%%               and Applications},
%%  booktitle = {{ISWC}},
%%  series    = {Lecture Notes in Computer Science},
%%  volume    = {13489},
%%  pages     = {610--627},
%%  publisher = {Springer},
%%  year      = {2022}
%%}
%%
%%@article{zhang2022neuralkg,
%%  author    = {Wen Zhang and
%%               Xiangnan Chen and
%%               Zhen Yao and
%%               Mingyang Chen and
%%               Yushan Zhu and
%%               Hongtao Yu and
%%               Yufeng Huang and
%%               Yajing Xu and
%%               Ningyu Zhang and
%%               Zezhong Xu and
%%               Zonggang Yuan and
%%               Feiyu Xiong and
%%               Huajun Chen},
%%  title     = {NeuralKG: An Open Source Library for Diverse Representation Learning
%%               of Knowledge Graphs},
%%  booktitle = {{SIGIR}},
%%  pages     = {3323--3328},
%%  publisher = {{ACM}},
%%  year      = {2022}
%%}
%%
%%@article{dai2020survey,
%%  title={A survey on knowledge graph embedding: Approaches, applications and benchmarks},
%%  author={Dai, Yuanfei and Wang, Shiping and Xiong, Neal N and Guo, Wenzhong},
%%  journal={Electronics},
%%  volume={9},
%%  number={5},
%%  pages={750},
%%  year={2020},
%%  publisher={MDPI}
%%}
%%
%%@article{garg2022survey,
%%  author    = {Satvik Garg and
%%               Dwaipayan Roy},
%%  title     = {A Birds Eye View on Knowledge Graph Embeddings, Software Libraries,
%%               Applications and Challenges},
%%  journal   = {CoRR},
%%  volume    = {abs/2205.09088},
%%  year      = {2022}
%%}
%%
%%@incollection{auer2007dbpedia,
%%  title={Dbpedia: A nucleus for a web of open data},
%%  author={Auer, S{\"o}ren and Bizer, Christian and Kobilarov, Georgi and Lehmann, Jens and Cyganiak, Richard and Ives, Zachary},
%%  booktitle={The semantic web},
%%  pages={722--735},
%%  year={2007},
%%  publisher={Springer}
%%}
%%
%%@article{vrandevic2014wikidata,
%%  author    = {Denny Vrandecic and
%%               Markus Kr{\"{o}}tzsch},
%%  title     = {Wikidata: a free collaborative knowledgebase},
%%  journal   = {Commun. {ACM}},
%%  volume    = {57},
%%  number    = {10},
%%  pages     = {78--85},
%%  year      = {2014}
%%}
%%
%%
%%
%%@inproceedings{west2014knowledge,
%%  title={Knowledge base completion via search-based question answering},
%%  author={West, Robert and Gabrilovich, Evgeniy and Murphy, Kevin and Sun, Shaohua and Gupta, Rahul and Lin, Dekang},
%%  booktitle={Proceedings of the 23rd international conference on World wide web},
%%  pages={515--526},
%%  year={2014}
%%}
%%
%%@inproceedings{krompass-etal-2015-dbpedia-missing,
%%  author    = {Denis Krompa{\ss} and
%%               Stephan Baier and
%%               Volker Tresp},
%%  title     = {Type-Constrained Representation Learning in Knowledge Graphs},
%%  booktitle = {{ISWC} {(1)}},
%%  series    = {Lecture Notes in Computer Science},
%%  volume    = {9366},
%%  pages     = {640--655},
%%  publisher = {Springer},
%%  year      = {2015}
%%}
%%
%%@article{wang2021survey,
%%  title={A survey on knowledge graph embeddings for link prediction},
%%  author={Wang, Meihong and Qiu, Linling and Wang, Xiaoli},
%%  journal={Symmetry},
%%  volume={13},
%%  number={3},
%%  pages={485},
%%  year={2021},
%%  publisher={MDPI}
%%}
%%
%%@inproceedings{sharma2018towards,
%%  title={Towards understanding the geometry of knowledge graph embeddings},
%%  author={Sharma, Aditya and Talukdar, Partha and others},
%%  booktitle={Proceedings of the 56th Annual Meeting of the Association for Computational Linguistics (Volume 1: Long Papers)},
%%  pages={122--131},
%%  year={2018}
%%}
%%
%%@inproceedings{akrami2020realistic,
%%  title={Realistic re-evaluation of knowledge graph completion methods: An experimental study},
%%  author={Akrami, Farahnaz and Saeef, Mohammed Samiul and Zhang, Qingheng and Hu, Wei and Li, Chengkai},
%%  booktitle={Proceedings of the 2020 ACM SIGMOD International Conference on Management of Data},
%%  pages={1995--2010},
%%  year={2020}
%%}
%%
%%@article{kadlec2017knowledge,
%%  title={Knowledge base completion: Baselines strike back},
%%  author={Kadlec, Rudolf and Bajgar, Ondrej and Kleindienst, Jan},
%%  journal={arXiv preprint arXiv:1705.10744},
%%  year={2017}
%%}
%%
%%@article{tran2019analyzing,
%%  title={Analyzing knowledge graph embedding methods from a multi-embedding interaction perspective},
%%  author={Tran, Hung Nghiep and Takasu, Atsuhiro},
%%  journal={arXiv preprint arXiv:1903.11406},
%%  year={2019}
%%}
%%
%%@article{chen2020knowledge,
%%  title={Knowledge graph completion: A review},
%%  author={Chen, Zhe and Wang, Yuehan and Zhao, Bin and Cheng, Jing and Zhao, Xin and Duan, Zongtao},
%%  journal={Ieee Access},
%%  volume={8},
%%  pages={192435--192456},
%%  year={2020},
%%  publisher={IEEE}
%%}
%%
%%
%%@article{choudhary2021survey,
%%  title={A survey of knowledge graph embedding and their applications},
%%  author={Choudhary, Shivani and Luthra, Tarun and Mittal, Ashima and Singh, Rajat},
%%  journal={arXiv preprint arXiv:2107.07842},
%%  year={2021}
%%}
%%
%%
%%@article{hamilton2017rl,
%%  author    = {William L. Hamilton and
%%               Rex Ying and
%%               Jure Leskovec},
%%  title     = {Representation Learning on Graphs: Methods and Applications},
%%  journal   = {{IEEE} Data Eng. Bull.},
%%  volume    = {40},
%%  number    = {3},
%%  pages     = {52--74},
%%  year      = {2017}
%%}
%%
%%@article{ji2021survey,
%%  title={A survey on knowledge graphs: Representation, acquisition, and applications},
%%  author={Ji, Shaoxiong and Pan, Shirui and Cambria, Erik and Marttinen, Pekka and Philip, S Yu},
%%  journal={IEEE Transactions on Neural Networks and Learning Systems},
%%  volume={33},
%%  number={2},
%%  pages={494--514},
%%  year={2021},
%%  publisher={IEEE}
%%}
%%
%%@article{lin2018survey,
%%  author    = {Yankai Lin and
%%               Xu Han and
%%               Ruobing Xie and
%%               Zhiyuan Liu and
%%               Maosong Sun},
%%  title     = {Knowledge Representation Learning: {A} Quantitative Review},
%%  journal   = {CoRR},
%%  volume    = {abs/1812.10901},
%%  year      = {2018}
%%}
%%
%%@article{rossi2021knowledge,
%%  title={Knowledge graph embedding for link prediction: A comparative analysis},
%%  author={Rossi, Andrea and Barbosa, Denilson and Firmani, Donatella and Matinata, Antonio and Merialdo, Paolo},
%%  journal={ACM Transactions on Knowledge Discovery from Data (TKDD)},
%%  volume={15},
%%  number={2},
%%  pages={1--49},
%%  year={2021},
%%  publisher={ACM New York, NY, USA}
%%}
%%
%%@article{zamini2022review,
%%  title={A Review of Knowledge Graph Completion},
%%  author={Zamini, Mohamad and Reza, Hassan and Rabiei, Minou},
%%  journal={Information},
%%  volume={13},
%%  number={8},
%%  pages={396},
%%  year={2022},
%%  publisher={Multidisciplinary Digital Publishing Institute}
%%}
%%
%%@inproceedings{geses2019literals,
%%  author    = {Genet Asefa Gesese and
%%               Russa Biswas and
%%               Harald Sack},
%%  title     = {A Comprehensive Survey of Knowledge Graph Embeddings with Literals: Techniques and Applications},
%%  booktitle = {DL4KG@ESWC},
%%  series    = {{CEUR} Workshop Proceedings},
%%  volume    = {2377},
%%  pages     = {31--40},
%%  publisher = {CEUR-WS.org},
%%  year      = {2019}
%%}
%%
%%@article{geneontology2017gene,
%%  author    = {The Gene Ontology Consortium},
%%  title     = {Expansion of the Gene Ontology knowledgebase and resources},
%%  journal   = {Nucleic Acids Res.},
%%  volume    = {45},
%%  number    = {Database-Issue},
%%  pages     = {D331--D338},
%%  year      = {2017}
%%}
%%
%%@inproceedings{chen2022qa,
%%  author    = {Xuelu Chen and
%%               Ziniu Hu and
%%               Yizhou Sun},
%%  title     = {Fuzzy Logic Based Logical Query Answering on Knowledge Graphs},
%%  booktitle = {{AAAI}},
%%  pages     = {3939--3948},
%%  publisher = {{AAAI} Press},
%%  year      = {2022}
%%}
%%
%%@InProceedings{yasunaga2022dragon,
%%  author =  {Michihiro Yasunaga and Antoine Bosselut and Hongyu Ren and Xikun Zhang and Christopher D. Manning and Percy Liang and Jure Leskovec},
%%  title =   {Deep Bidirectional Language-Knowledge Graph Pretraining},
%%  year =    {2022},
%%  booktitle = {Neural Information Processing Systems (NeurIPS)},
%%}
%%
%%@article{abbas2021application,
%%  title={Application of network link prediction in drug discovery},
%%  author={Abbas, Khushnood and Abbasi, Alireza and Dong, Shi and Niu, Ling and Yu, Laihang and Chen, Bolun and Cai, Shi-Min and Hasan, Qambar},
%%  journal={BMC bioinformatics},
%%  volume={22},
%%  number={1},
%%  pages={1--21},
%%  year={2021},
%%  publisher={Springer}
%%}
%%
%%@article{zhang2022understanding,
%%  title={Understanding gnn computational graph: A coordinated computation, io, and memory perspective},
%%  author={Zhang, Hengrui and Yu, Zhongming and Dai, Guohao and Huang, Guyue and Ding, Yufei and Xie, Yuan and Wang, Yu},
%%  journal={Proceedings of Machine Learning and Systems},
%%  volume={4},
%%  pages={467--484},
%%  year={2022}
%%}
%%
%%@article{van2008visualizing,
%%  title={Visualizing data using t-SNE.},
%%  author={Van der Maaten, Laurens and Hinton, Geoffrey},
%%  journal={Journal of machine learning research},
%%  volume={9},
%%  number={11},
%%  year={2008}
%%}
%%
%%@article{le2022knowledge,
%%  title={Knowledge Graph Embedding by Relational Rotation and Complex Convolution for Link Prediction},
%%  author={Le, Thanh and Le, Nam and Le, Bac},
%%  journal={Expert Systems with Applications},
%%  pages={119122},
%%  year={2022},
%%  publisher={Elsevier}
%%}
%%
%%@article{shen2022joint,
%%  title={Joint language semantic and structure embedding for knowledge graph completion},
%%  author={Shen, Jianhao and Wang, Chenguang and Gong, Linyuan and Song, Dawn},
%%  journal={arXiv preprint arXiv:2209.08721},
%%  year={2022}
%%}
%%
%%@inproceedings{luo2021learning,
%%  title={Learning to drop: Robust graph neural network via topological denoising},
%%  author={Luo, Dongsheng and Cheng, Wei and Yu, Wenchao and Zong, Bo and Ni, Jingchao and Chen, Haifeng and Zhang, Xiang},
%%  booktitle={Proceedings of the 14th ACM international conference on web search and data mining},
%%  pages={779--787},
%%  year={2021}
%%}
%%
%%@inproceedings{cai2020multi,
%%  title={A multi-scale approach for graph link prediction},
%%  author={Cai, Lei and Ji, Shuiwang},
%%  booktitle={Proceedings of the AAAI conference on artificial intelligence},
%%  volume={34},
%%  number={04},
%%  pages={3308--3315},
%%  year={2020}
%%}
%%
%%@article{wang2022augmenting,
%%  title={Augmenting Knowledge Graphs for Better Link Prediction},
%%  author={Wang, Jiang and Ilievski, Filip and Szekely, Pedro and Yao, Ke-Thia},
%%  journal={arXiv preprint arXiv:2203.13965},
%%  year={2022}
%%}
%%
%%@inproceedings{zhao2022learning,
%%  title={Learning from counterfactual links for link prediction},
%%  author={Zhao, Tong and Liu, Gang and Wang, Daheng and Yu, Wenhao and Jiang, Meng},
%%  booktitle={International Conference on Machine Learning},
%%  pages={26911--26926},
%%  year={2022},
%%  organization={PMLR}
%%}
%%
%%@article{wu2022virtual,
%%  title={Virtual data augmentation method for reaction prediction},
%%  author={Wu, Xinyi and Zhang, Yun and Yu, Jiahui and Zhang, Chengyun and Qiao, Haoran and Wu, Yejian and Wang, Xinqiao and Wu, Zhipeng and Duan, Hongliang},
%%  journal={Scientific reports},
%%  volume={12},
%%  number={1},
%%  pages={1--11},
%%  year={2022},
%%  publisher={Nature Publishing Group}
%%}
%%
%%@article{ding2022data,
%%  title={Data augmentation for deep graph learning: A survey},
%%  author={Ding, Kaize and Xu, Zhe and Tong, Hanghang and Liu, Huan},
%%  journal={arXiv preprint arXiv:2202.08235},
%%  year={2022}
%%}
%%
%%@article{nayyeri2021trans4e,
%%  title={Trans4E: Link prediction on scholarly knowledge graphs},
%%  author={Nayyeri, Mojtaba and Cil, Gokce Muge and Vahdati, Sahar and Osborne, Francesco and Rahman, Mahfuzur and Angioni, Simone and Salatino, Angelo and Recupero, Diego Reforgiato and Vassilyeva, Nadezhda and Motta, Enrico and others},
%%  journal={Neurocomputing},
%%  volume={461},
%%  pages={530--542},
%%  year={2021},
%%  publisher={Elsevier}
%%}
%%
%%@article{baek2020learning,
%%  title={Learning to extrapolate knowledge: Transductive few-shot out-of-graph link prediction},
%%  author={Baek, Jinheon and Lee, Dong Bok and Hwang, Sung Ju},
%%  journal={Advances in Neural Information Processing Systems},
%%  volume={33},
%%  pages={546--560},
%%  year={2020}
%%}
%%
%%@inproceedings{han2021adaptive,
%%  title={Adaptive transfer learning on graph neural networks},
%%  author={Han, Xueting and Huang, Zhenhuan and An, Bang and Bai, Jing},
%%  booktitle={Proceedings of the 27th ACM SIGKDD Conference on Knowledge Discovery \& Data Mining},
%%  pages={565--574},
%%  year={2021}
%%}
%%
%%@article{dai2020inductively,
%%  title={Inductively representing out-of-knowledge-graph entities by optimal estimation under translational assumptions},
%%  author={Dai, Damai and Zheng, Hua and Luo, Fuli and Yang, Pengcheng and Chang, Baobao and Sui, Zhifang},
%%  journal={arXiv preprint arXiv:2009.12765},
%%  year={2020}
%%}
%%
%%
%%@article{zhang2020efficient,
%%  title={Efficient probabilistic logic reasoning with graph neural networks},
%%  author={Zhang, Yuyu and Chen, Xinshi and Yang, Yuan and Ramamurthy, Arun and Li, Bo and Qi, Yuan and Song, Le},
%%  journal={arXiv preprint arXiv:2001.11850},
%%  year={2020}
%%}
%%
%%@article{cai-etal-2022-tkgc,
%%  author    = {Borui Cai and
%%               Yong Xiang and
%%               Longxiang Gao and
%%               He Zhang and
%%               Yunfeng Li and
%%               Jianxin Li},
%%  title     = {Temporal Knowledge Graph Completion: {A} Survey},
%%  journal   = {CoRR},
%%  volume    = {abs/2201.08236},
%%  year      = {2022}
%%}
%%
%%@inproceedings{banarescu2013abstract,
%%  title={Abstract meaning representation for sembanking},
%%  author={Banarescu, Laura and Bonial, Claire and Cai, Shu and Georgescu, Madalina and Griffitt, Kira and Hermjakob, Ulf and Knight, Kevin and Koehn, Philipp and Palmer, Martha and Schneider, Nathan},
%%  booktitle={Proceedings of the 7th linguistic annotation workshop and interoperability with discourse},
%%  pages={178--186},
%%  year={2013}
%%}
%%
%%@article{frisoni-etal-2021-survey-ee,
%%  author    = {Giacomo Frisoni and
%%               Gianluca Moro and
%%               Antonella Carbonaro},
%%  title     = {A Survey on Event Extraction for Natural Language Understanding: Riding
%%               the Biomedical Literature Wave},
%%  journal   = {{IEEE} Access},
%%  volume    = {9},
%%  pages     = {160721--160757},
%%  year      = {2021},
%%  url       = {https://doi.org/10.1109/ACCESS.2021.3130956},
%%  doi       = {10.1109/ACCESS.2021.3130956},
%%  timestamp = {Sat, 25 Dec 2021 15:50:24 +0100},
%%  biburl    = {https://dblp.org/rec/journals/access/FrisoniMC21.bib},
%%  bibsource = {dblp computer science bibliography, https://dblp.org}
%%}
%%
%%@inproceedings{oepen2015semeval,
%%  title={Semeval 2015 task 18: Broad-coverage semantic dependency parsing},
%%  author={Oepen, Stephan and Kuhlmann, Marco and Miyao, Yusuke and Zeman, Daniel and Cinkov{\'a}, Silvie and Flickinger, Dan and Hajic, Jan and Uresova, Zdenka},
%%  booktitle={Proceedings of the 9th International Workshop on Semantic Evaluation (SemEval 2015)},
%%  pages={915--926},
%%  year={2015}
%%}
%%
%%@inproceedings{abend2013universal,
%%  title={Universal conceptual cognitive annotation (UCCA)},
%%  author={Abend, Omri and Rappoport, Ari},
%%  booktitle={Proceedings of the 51st Annual Meeting of the Association for Computational Linguistics (Volume 1: Long Papers)},
%%  pages={228--238},
%%  year={2013}
%%}
%%
%%@article{frisoni-etal-2022-event-embedding,
%%  author    = {Giacomo Frisoni and
%%               Gianluca Moro and
%%               Giulio Carlassare and
%%               Antonella Carbonaro},
%%  title     = {Unsupervised Event Graph Representation and Similarity Learning on Biomedical Literature},
%%  journal   = {Sensors},
%%  volume    = {22},
%%  number    = {1},
%%  pages     = {3},
%%  year      = {2022},
%%  url       = {https://doi.org/10.3390/s22010003},
%%  doi       = {10.3390/s22010003},
%%  timestamp = {Fri, 21 Jan 2022 22:01:31 +0100},
%%  biburl    = {https://dblp.org/rec/journals/sensors/FrisoniMCC22.bib},
%%  bibsource = {dblp computer science bibliography, https://dblp.org}
%%}
%%
%%@inproceedings{lao2011random,
%%  author    = {Ni Lao and
%%               Tom M. Mitchell and
%%               William W. Cohen},
%%  title     = {Random Walk Inference and Learning in {A} Large Scale Knowledge Base},
%%  booktitle = {{EMNLP}},
%%  pages     = {529--539},
%%  publisher = {{ACL}},
%%  year      = {2011}
%%}
%%
%%@inproceedings{zou2020survey,
%%  title={A survey on application of knowledge graph},
%%  author={Zou, Xiaohan},
%%  booktitle={Journal of Physics: Conference Series},
%%  volume={1487},
%%  number={1},
%%  pages={012016},
%%  year={2020},
%%  organization={IOP Publishing}
%%}
%%
%%@inproceedings{liu2019surveyrec,
%%  title={A survey of recommendation algorithms based on knowledge graph embedding},
%%  author={Liu, Chan and Li, Lun and Yao, Xiaolu and Tang, Lin},
%%  booktitle={2019 IEEE International Conference on Computer Science and Educational Informatization (CSEI)},
%%  pages={168--171},
%%  year={2019},
%%  organization={IEEE}
%%}
%%
%%@article{zhang2022grease,
%%  author    = {Xikun Zhang and
%%               Antoine Bosselut and
%%               Michihiro Yasunaga and
%%               Hongyu Ren and
%%               Percy Liang and
%%               Christopher D. Manning and
%%               Jure Leskovec},
%%  title     = {GreaseLM: Graph REASoning Enhanced Language Models for Question Answering},
%%  journal   = {CoRR},
%%  volume    = {abs/2201.08860},
%%  year      = {2022}
%%}
%%
%%@inproceedings{cai2018kbgan,
%%  author    = {Liwei Cai and
%%               William Yang Wang},
%%  title     = {{KBGAN:} Adversarial Learning for Knowledge Graph Embeddings},
%%  booktitle = {{NAACL-HLT}},
%%  pages     = {1470--1480},
%%  publisher = {Association for Computational Linguistics},
%%  year      = {2018}
%%}
%%
%%@inproceedings{wang2018igan,
%%  author    = {Peifeng Wang and
%%               Shuangyin Li and
%%               Rong Pan},
%%  title     = {Incorporating {GAN} for Negative Sampling in Knowledge Representation
%%               Learning},
%%  booktitle = {{AAAI}},
%%  pages     = {2005--2012},
%%  publisher = {{AAAI} Press},
%%  year      = {2018}
%%}
%%
%%@inproceedings{zhang2019nsc,
%%  author    = {Yongqi Zhang and
%%               Quanming Yao and
%%               Yingxia Shao and
%%               Lei Chen},
%%  title     = {NSCaching: Simple and Efficient Negative Sampling for Knowledge Graph
%%               Embedding},
%%  booktitle = {{ICDE}},
%%  pages     = {614--625},
%%  publisher = {{IEEE}},
%%  year      = {2019}
%%}
%%
%%@inproceedings{nathani2019loss,
%%  author    = {Deepak Nathani and
%%               Jatin Chauhan and
%%               Charu Sharma and
%%               Manohar Kaul},
%%  title     = {Learning Attention-based Embeddings for Relation Prediction in Knowledge
%%               Graphs},
%%  booktitle = {{ACL} {(1)}},
%%  pages     = {4710--4723},
%%  publisher = {Association for Computational Linguistics},
%%  year      = {2019}
%%}
%%
%%@inproceedings{lacroix2018loss,
%%  author    = {Timoth{\'{e}}e Lacroix and
%%               Nicolas Usunier and
%%               Guillaume Obozinski},
%%  title     = {Canonical Tensor Decomposition for Knowledge Base Completion},
%%  booktitle = {{ICML}},
%%  series    = {Proceedings of Machine Learning Research},
%%  volume    = {80},
%%  pages     = {2869--2878},
%%  publisher = {{PMLR}},
%%  year      = {2018}
%%}
